@Book{halmos74:_naive,
  author = 	 {Paul Halmos},
  title = 	 {Naive set theory},
  publisher = 	 {Springer-Verlag},
  year = 	 1974}


N. Prijatelj: *Osnove matematične logike* (1. del).

@Book{prijatelj92:_osnov,
  author =    {Niko Prijatelj},
  title =        {Osnove matematične logike, 1.~del},
  publisher =    {DMFA Založništvo},
  year =         1992}

